<?xml version="1.0" encoding="UTF-8"?><record xmlns="http://www.loc.gov/MARC21/slim" xmlns:cinclude="http://apache.org/cocoon/include/1.0" xmlns:zs="http://www.loc.gov/zing/srw/">
  <leader>00620nz  a2200157n  4500</leader>
  <controlfield tag="001">no2013036631</controlfield>
  <controlfield tag="003">DLC</controlfield>
  <controlfield tag="005">20130405075412.0</controlfield>
  <controlfield tag="008">130403n| azannaabn          |a ana     c</controlfield>
  <datafield tag="010" ind1=" " ind2=" ">
    <subfield code="a">no2013036631</subfield>
  </datafield>
  <datafield tag="035" ind1=" " ind2=" ">
    <subfield code="a">(OCoLC)oca09442443</subfield>
  </datafield>
  <datafield tag="040" ind1=" " ind2=" ">
    <subfield code="a">CSt</subfield>
    <subfield code="b">eng</subfield>
    <subfield code="e">rda</subfield>
    <subfield code="c">CSt</subfield>
  </datafield>
  <datafield tag="110" ind1="2" ind2=" ">
    <subfield code="a">Asociación de Cabildos - Genaro Sánchez Zona Centro</subfield>
  </datafield>
  <datafield tag="377" ind1=" " ind2=" ">
    <subfield code="a">spa</subfield>
  </datafield>
  <datafield tag="410" ind1="2" ind2=" ">
    <subfield code="a">Asociación de Cabildos Genaro Sánchez</subfield>
  </datafield>
  <datafield tag="670" ind1=" " ind2=" ">
    <subfield code="a">Florez Arevalo, Jeimy. Los Kokonukos enseñan a truequiar, 2011:</subfield>
    <subfield code="b">v. 1, p. 4 of cover (Asociación de Cabildos - Genaro Sánchez Zona Centro) v. 1, t.p. verso (Asociación de Cabildos Genaro Sánchez)</subfield>
  </datafield>
</record>